@online{HMM_wiki,
	title={Hidden Markov model},
	url = {https://en.wikipedia.org/wiki/Hidden_Markov_model},
	urldate = {2020-01-05}
}
